<collection xmlns="http://www.loc.gov/MARC21/slim">
   <record>
      <leader>02079cam a22004458i 45 0</leader>
      <controlfield tag="001">6799343</controlfield>
      <controlfield tag="005">20150113150906.0</controlfield>
      <controlfield tag="008">150204s2015    nyua     b    001 0 eng  </controlfield>
      <datafield ind1=" " ind2=" " tag="010">
         <subfield code="a">  2014024111</subfield>
      </datafield>
      <datafield ind1=" " ind2=" " tag="020">
         <subfield code="a">9780826198754</subfield>
      </datafield>
      <datafield ind1=" " ind2=" " tag="020">
         <subfield code="a">0826198759</subfield>
      </datafield>
      <datafield ind1=" " ind2=" " tag="020">
         <subfield code="z">9780826198761 (ebook)</subfield>
      </datafield>
      <datafield ind1=" " ind2=" " tag="040">
         <subfield code="a">DLC</subfield>
         <subfield code="b">eng</subfield>
         <subfield code="e">rda</subfield>
         <subfield code="c">DLC</subfield>
         <subfield code="d">YDXCP</subfield>
         <subfield code="d">BTCTA</subfield>
         <subfield code="d">BDX</subfield>
         <subfield code="d">OCLCO</subfield>
         <subfield code="d">AEG</subfield>
      </datafield>
      <datafield ind1="0" ind2="9" tag="041">
         <subfield code="a">eng</subfield>
      </datafield>
      <datafield ind1="0" ind2="0" tag="050">
         <subfield code="a">HD7255.5</subfield>
         <subfield code="b">.F36 2015</subfield>
      </datafield>
      <datafield ind1="0" ind2="0" tag="060">
         <subfield code="a">2015 A-127</subfield>
      </datafield>
      <datafield ind1=" " ind2="4" tag="060">
         <subfield code="a">WB 320</subfield>
      </datafield>
      <datafield ind1="0" ind2="0" tag="082">
         <subfield code="a">361/.06</subfield>
         <subfield code="2">23</subfield>
      </datafield>
      <datafield ind1=" " ind2=" " tag="090">
         <subfield code="a">WB 320 F198 2015</subfield>
         <subfield code="b">AEG</subfield>
      </datafield>
      <datafield ind1="0" ind2="0" tag="245">
         <subfield code="a">Families in rehabilitation counseling :</subfield>
         <subfield code="b">a community-based rehabilitation approach /</subfield>
         <subfield code="c">Michael J. Millington, PhD, Irmo Marini, PhD, DSc, CRC, CLCP, editors.</subfield>
      </datafield>
      <datafield ind1=" " ind2="1" tag="264">
         <subfield code="a">New York :</subfield>
         <subfield code="b">Springer Pub. Company,</subfield>
         <subfield code="c">2015.</subfield>
      </datafield>
      <datafield ind1=" " ind2=" " tag="300">
         <subfield code="a">306 pages :</subfield>
         <subfield code="b">illustrations</subfield>
      </datafield>
      <datafield ind1=" " ind2=" " tag="336">
         <subfield code="a">text</subfield>
         <subfield code="b">txt</subfield>
         <subfield code="2">rdacontent</subfield>
         <subfield code="0">http://id.loc.gov/vocabulary/contentTypes/txt</subfield>
      </datafield>
      <datafield ind1=" " ind2=" " tag="337">
         <subfield code="a">unmediated</subfield>
         <subfield code="b">n</subfield>
         <subfield code="2">rdamedia</subfield>
         <subfield code="0">http://id.loc.gov/vocabulary/mediaTypes/n</subfield>
      </datafield>
      <datafield ind1=" " ind2=" " tag="338">
         <subfield code="a">volume</subfield>
         <subfield code="b">nc</subfield>
         <subfield code="2">rdacarrier</subfield>
         <subfield code="0">http://id.loc.gov/vocabulary/carriers/nc</subfield>
      </datafield>
      <datafield ind1=" " ind2=" " tag="504">
         <subfield code="a">Includes bibliographical references and index.</subfield>
      </datafield>
      <datafield ind1="1" ind2="2" tag="650">
         <subfield code="a">Disabled Persons</subfield>
         <subfield code="x">rehabilitation.</subfield>
         <subfield code="0">http://id.nlm.nih.gov/mesh/D006233Q000534</subfield>
      </datafield>
      <datafield ind1="2" ind2="2" tag="650">
         <subfield code="a">Counseling.</subfield>
         <subfield code="0">http://id.nlm.nih.gov/mesh/D003376</subfield>
      </datafield>
      <datafield ind1="2" ind2="2" tag="650">
         <subfield code="a">Family.</subfield>
         <subfield code="0">http://id.nlm.nih.gov/mesh/D005190</subfield>
      </datafield>
      <datafield ind1="1" ind2=" " tag="700">
         <subfield code="a">Millington, Michael Jay.</subfield>
         <subfield code="0">http://id.loc.gov/authorities/names/n2011039029</subfield>
         <subfield code="0">http://viaf.org/viaf/172018059</subfield>
      </datafield>
      <datafield ind1="1" ind2=" " tag="700">
         <subfield code="a">Marini, Irmo.</subfield>
         <subfield code="0">http://id.loc.gov/authorities/names/n2008038413</subfield>
         <subfield code="0">http://viaf.org/viaf/275655240</subfield>
      </datafield>
      <datafield ind1=" " ind2=" " tag="758">
         <subfield code="0">http://worldcat.org/entity/work/id/322666675</subfield>
      </datafield>
      <datafield ind1="0" ind2=" " tag="787">
         <subfield code="n">OCLC Work Id</subfield>
         <subfield code="o">http://worldcat.org/entity/work/id/322666675</subfield>
      </datafield>
      <datafield ind1=" " ind2="0" tag="950">
         <subfield code="a">Rehabilitation counseling.</subfield>
      </datafield>
      <datafield ind1=" " ind2="0" tag="950">
         <subfield code="a">Family counseling.</subfield>
      </datafield>
      <datafield ind1=" " ind2="0" tag="950">
         <subfield code="a">People with disabilities</subfield>
         <subfield code="x">Rehabilitation.</subfield>
      </datafield>
      <datafield ind1=" " ind2="0" tag="950">
         <subfield code="a">People with disabilities</subfield>
         <subfield code="x">Family relationships.</subfield>
      </datafield>
      <datafield ind1=" " ind2="0" tag="950">
         <subfield code="a">People with mental disabilities</subfield>
         <subfield code="x">Family relationships.</subfield>
      </datafield>
      <datafield ind1=" " ind2=" " tag="596">
         <subfield code="a">20</subfield>
      </datafield>
      <datafield ind1=" " ind2=" " tag="926">
         <subfield code="a">WB 320 F198 2015</subfield>
         <subfield code="w">NLM</subfield>
         <subfield code="c">1</subfield>
         <subfield code="i">0163710145091</subfield>
         <subfield code="d">6/8/2015</subfield>
         <subfield code="e">3/11/2015</subfield>
         <subfield code="l">ON_SHELF</subfield>
         <subfield code="m">AHSGLENRSE</subfield>
         <subfield code="n">2</subfield>
         <subfield code="q">1</subfield>
         <subfield code="r">Y</subfield>
         <subfield code="s">Y</subfield>
         <subfield code="t">BOOK</subfield>
         <subfield code="u">2/4/2015</subfield>
      </datafield>
   </record>
</collection>
